<?xml version="1.0" encoding="UTF-8"?><collection xmlns="http://www.loc.gov/MARC21/slim"><record><leader>00559nam--2200181-i-4500</leader><controlfield tag="001">000039688</controlfield><controlfield tag="002">20161230</controlfield><controlfield tag="005">20161230201042</controlfield><controlfield tag="008">060222s1000------------r-----000-0-eng-d</controlfield><datafield ind1=" " ind2=" " tag="040"><subfield code="a">IFIN-HH</subfield></datafield><datafield ind1=" " ind2=" " tag="080"><subfield code="a">539.2:536.7</subfield></datafield><datafield ind1="1" ind2=" " tag="100"><subfield code="a">Rossini, Frederick D</subfield></datafield><datafield ind1="1" ind2="0" tag="245"><subfield code="a">Thermodynamics and physics of matter</subfield><subfield code="b">Volume 1</subfield><subfield code="c">Frederick d. rossini (ed.)</subfield></datafield><datafield ind1=" " ind2=" " tag="260"><subfield code="a">London</subfield><subfield code="b">Geoffrey Cumberlege, Oxford University Press</subfield><subfield code="c">1955</subfield></datafield><datafield ind1=" " ind2=" " tag="300"><subfield code="a">XVIII + 812P</subfield></datafield><datafield ind1=" " ind2=" " tag="490"><subfield code="a">High Speed Aerodynamics And Jet Propulsion</subfield></datafield><datafield ind1=" " ind2=" " tag="852"><subfield code="a">11816</subfield><subfield code="c">536.7</subfield></datafield><datafield ind1=" " ind2=" " tag="CAT"><subfield code="a">Sys</subfield><subfield code="c">20110513</subfield><subfield code="h">113037</subfield></datafield></record></collection>